@article{gao2014cyber,
  title={On cyber attacks and signature based intrusion detection for modbus based industrial control systems},
  author={Gao, Wei and Morris, Thomas H},
  journal={Journal of Digital Forensics, Security and Law},
  volume={9},
  number={1},
  pages={3},
  year={2014}
}

@article{jyothsna2011review,
  title={A review of anomaly based intrusion detection systems},
  author={Jyothsna, VVRPV and Prasad, Rama and Prasad, K Munivara},
  journal={International Journal of Computer Applications},
  volume={28},
  number={7},
  pages={26--35},
  year={2011},
  publisher={Citeseer}
}